@article{Chapelle2007,
  title={Training a support vector machine in the primal},
  author={Chapelle, Olivier},
  journal={Neural Computation},
  volume={19},
  number={5},
  pages={1155--1178},
  year={2007},
  publisher={MIT Press}
}

@book{Bjorck1996,
  title={Numerical methods for least squares problems},
  author={Bj{\"o}rck, Ake},
  year={1996},
  pages={165--171},
  publisher={Siam}
}

@ARTICLE{Matloff2014,
   author = {{Matloff}, N.},
    title = "{Software Alchemy: Turning Complex Statistical Computations into Embarrassingly-Parallel Ones}",
  journal = {ArXiv e-prints},
archivePrefix = "arXiv",
   eprint = {1409.5827},
 primaryClass = "stat.CO",
 keywords = {Statistics - Computation, 62-04},
     year = 2014,
    month = sep,
   adsurl = {http://adsabs.harvard.edu/abs/2014arXiv1409.5827M},
  adsnote = {Provided by the SAO/NASA Astrophysics Data System}
}

@article{hammarling2008,
  title={Updating the QR factorization and the least squares problem},
  author={Hammarling, Sven and Lucas, Craig},
  year={2008},
  note = {Website accessed 9/11/2014},
  url={http://eprints.ma.man.ac.uk/1192/01/covered/MIMS_ep2008_111.pdf}
}

@Manual{Rcore,
  title = {R: A Language and Environment for Statistical Computing},
  author = {{R Core Team}},
  organization = {R Foundation for Statistical Computing},
  address = {Vienna, Austria},
  year = {2014},
  url = {http://www.R-project.org/},
}

@Manual{foreach,
  title = {foreach: Foreach looping construct for R},
  author = {{Revolution Analytics} and Steve Weston},
  year = {2014},
  note = {R package version 1.4.2},
  url = {http://CRAN.R-project.org/package=foreach},
}

@Manual{iterators,
  title = {iterators: Iterator construct for R},
  author = {{Revolution Analytics}},
  year = {2014},
  note = {R package version 1.0.7},
  url = {http://CRAN.R-project.org/package=iterators},
}

@Manual{itertools,
  title = {itertools: Iterator Tools},
  author = {Steve Weston and Hadley Wickham},
  year = {2014},
  note = {R package version 0.1-3},
  url = {http://CRAN.R-project.org/package=itertools},
}



@Article{Kane2013,
  title = {Scalable Strategies for Computing with Massive Data},
  author = {Michael J. Kane and John Emerson and Stephen Weston},
  journal = {Journal of Statistical Software},
  year = {2013},
  volume = {55},
  number = {14},
  pages = {1--19},
  url = {http://www.jstatsoft.org/v55/i14/},
}


@article{Press1969,
author = {Press, S. James},
title = {The t-Ratio Distribution},
journal = {Journal of the American Statistical Association},
volume = {64},
number = {325},
pages = {242-252},
year = {1969},
doi = {10.1080/01621459.1969.10500967},

URL = {http://www.tandfonline.com/doi/abs/10.1080/01621459.1969.10500967},
eprint = {http://www.tandfonline.com/doi/pdf/10.1080/01621459.1969.10500967}
}

@misc{AirlineDataSet,
  author = {RITA},
  note ={Research and Innovation Technology Administration, Bureau of Transportation Statistics},
  year = {2009},
  title = {The {A}irline On-time Performance Data Set Website},
  url = {http://stat-computing.org/dataexpo/2009/}
}

@article{Dean2008,
 author = {Dean, Jeffrey and Ghemawat, Sanjay},
 title = {MapReduce: Simplified Data Processing on Large Clusters},
 journal = {Commun. ACM},
 issue_date = {January 2008},
 volume = {51},
 number = {1},
 month = jan,
 year = {2008},
 issn = {0001-0782},
 pages = {107--113},
 numpages = {7},
 url = {http://doi.acm.org/10.1145/1327452.1327492},
 doi = {10.1145/1327452.1327492},
 acmid = {1327492},
 publisher = {ACM},
 address = {New York, NY, USA},
} 

@misc{ApacheHadoop,
  author = {{Apache Software Foundation}},
  title = {Apache\texttrademark\  {H}adoop\textregistered},
  howpublished = {\url{http://hadoop.apache.org/}},
  year = {2014},
  note = {Accessed: 2014-01-17}
}

@inproceedings{ApacheSpark,
 author = {Zaharia, Matei and Chowdhury, Mosharaf and Franklin, Michael J. and Shenker, Scott and Stoica, Ion},
 title = {Spark: Cluster Computing with Working Sets},
 booktitle = {Proceedings of the 2nd USENIX Conference on Hot Topics in Cloud Computing},
 series = {HotCloud'10},
 year = {2010},
 location = {Boston, MA},
 pages = {10--10},
 numpages = {1},
 url = {http://dl.acm.org/citation.cfm?id=1863103.1863113},
 acmid = {1863113},
 publisher = {USENIX Association},
 address = {Berkeley, CA, USA},
} 

@article{Guha2012,
  author = {Guha, Saptarshi and Hafen, Ryan and Rounds, Jeremiah and Xia, Jin and Li, Jianfu and Xi, Bowei and Cleveland, William S.},
  title = {Large complex data: divide and recombine (D{\&}R) with RHIPE},
  journal = {Stat},
  volume = {1},
  number = {1},
  issn = {2049-1573},
  url = {http://dx.doi.org/10.1002/sta4.7},
  doi = {10.1002/sta4.7},
  pages = {53--67},
  keywords = {big data, computer cluster, data visualization, deep analysis, Hadoop, mathematical statistics, statistical computing},
  year = {2012}
}

@article{Sapp2013,
author = {Sapp, Stephanie and Laan, Mark J. van der and Canny, John},
title = {Subsemble: an ensemble method for combining subset-specific algorithm fits},
journal = {Journal of Applied Statistics},
volume = {0},
number = {0},
pages = {1-13},
year = {2013},
doi = {10.1080/02664763.2013.864263},
URL = {http://www.tandfonline.com/doi/abs/10.1080/02664763.2013.864263},
eprint = {http://www.tandfonline.com/doi/pdf/10.1080/02664763.2013.864263}
}

@article{Kleiner2011,
  title={A scalable bootstrap for massive data},
  author={Kleiner, Ariel and Talwalkar, Ameet and Sarkar, Purnamrita and Jordan, Michael I},
  journal={arXiv preprint arXiv:1112.5016},
  year={2011}
}

@inproceedings{Bach2005,
  title={Predictive low-rank decomposition for kernel methods},
  author={Bach, Francis R and Jordan, Michael I},
  booktitle={Proceedings of the 22nd international conference on Machine learning},
  pages={33--40},
  year={2005},
  organization={ACM}
}

@article{Tsybakov2007,
  title={Aggregation for Gaussian Regression},
  author={Bunea, Florentina and Tsybakov, Alexandre and Wegkamp, Martin H},
  journal={Annals of Statistics},
  year={2007},
  volume={35},
  number={4},
  pages={1674--1697}
}
  
@article{Boyd2011,
  title={Distributed optimization and statistical learning via the alternating direction method of multipliers},
  author={Boyd, Stephen and Parikh, Neal and Chu, Eric and Peleato, Borja and Eckstein, Jonathan},
  journal={Foundations and Trends{\textregistered} in Machine Learning},
  volume={3},
  number={1},
  pages={1--122},
  year={2011},
  publisher={Now Publishers Inc.}
}
  
