@inproceedings{Haldane1932,
  title={A note on inverse probability},
  author={Haldane, JBS},
  booktitle={Mathematical Proceedings of the Cambridge Philosophical Society},
  volume={28},
  number={01},
  pages={55--61},
  year={1932},
  organization={Cambridge Univ Press}
}

@article{Wald1945,
  title={Sequential tests of statistical hypotheses},
  author={Wald, A},
  journal={The Annals of Mathematical Statistics},
  volume={16},
  number={2},
  pages={117--186},
  year={1945},
  publisher={JSTOR}
}

@article{Kulldorff2011,
  title={A maximized sequential probability ratio test for drug and vaccine safety surveillance},
  author={Kulldorff, Martin and Davis, Robert L and Kolczak, Margarette and Lewis, Edwin and Lieu, Tracy and Platt, Richard},
  journal={Sequential analysis},
  volume={30},
  number={1},
  pages={58--78},
  year={2011},
  publisher={Taylor \& Francis}
}

@book{Bachelier1900,
  title={Th{\'e}orie de la sp{\'e}culation},
  author={Bachelier, Louis},
  year={1900},
  publisher={Gauthier-Villars}
}

@book{Johnson2005,
  title={Univariate Discrete Distributions},
  author={Johnson, Norman L and Kemp, Adrienne W and Kotz, Samuel},
  volume={444},
  year={2005},
  publisher={John Wiley \& Sons}
}

@inproceedings{Jeffreys1946,
  title={An invariant form for the prior probability in estimation problems},
  author={Jeffreys, Harold},
  booktitle={Proceedings of the Royal Society of London A: Mathematical, Physical and Engineering Sciences},
  volume={186},
  number={1007},
  pages={453--461},
  year={1946},
  organization={The Royal Society}
}

@article{Hoeffding1963,
  title={Probability inequalities for sums of bounded random variables},
  author={Hoeffding, Wassily},
  journal={Journal of the American statistical association},
  volume={58},
  number={301},
  pages={13--30},
  year={1963},
  publisher={Taylor \& Francis Group}
}

@article{Anscombe1950,
  title={Sampling theory of the negative binomial and logarithmic series distributions},
  author={Anscombe, Francis J},
  journal={Biometrika},
  volume={37},
  number={3/4},
  pages={358--382},
  year={1950},
  publisher={JSTOR}
}

@inbook{Olver2010,
  title={NIST handbook of mathematical functions},
  author="Olver, Frank WJ",
  chapter="8",
  pages="189--190",
  year="2010",
  publisher="Cambridge University Press"
}

@article{Best1974,
  title={An improved gamma approximation to the negative binomial},
  author={Best, DJ and Gipps, PG},
  journal={Technometrics},
  volume={16},
  number={4},
  pages={621--624},
  year={1974},
  publisher={Taylor \& Francis}
}

@article{Guenther1972,
  title={A simple approximation to the negative binomial (and regular binomial)},
  author={Guenther, William C},
  journal={Technometrics},
  volume={14},
  number={2},
  pages={385--389},
  year={1972},
  publisher={Taylor \& Francis Group}
}

@article{Ord1968,
  title={Approximations to distribution functions which are hypergeometric series},
  author={Ord, JK},
  journal={Biometrika},
  volume={55},
  number={1},
  pages={243--248},
  year={1968},
  publisher={Biometrika Trust}
}


@article{Dirac1953888,
  title   = "The lorentz transformation and absolute time",
  journal = "Physica ",
  volume  = "19",
  number  = "1-–12",
  pages   = "888--896",
  year    = "1953",
  doi     = "10.1016/S0031-8914(53)80099-6",
  author  = "P.A.M. Dirac"
}

@article{Peizer1968,
  title={A normal approximation for binomial, F, beta, and other common, related tail probabilities, I},
  author={Peizer, David B and Pratt, John W},
  journal={Journal of the American Statistical Association},
  volume={63},
  number={324},
  pages={1416--1456},
  year={1968},
  publisher={Taylor \& Francis}
}

@article{Feynman1963118,
  title   = "The theory of a general quantum system interacting with a linear dissipative system",
  journal = "Annals of Physics ",
  volume  = "24",
  pages   = "118--173",
  year    = "1963",
  doi     = "10.1016/0003-4916(63)90068-X",
  author  = "R.P Feynman and F.L {Vernon Jr.}"
}

@book{Abramowitz1964,
  title={Handbook of mathematical functions: with formulas, graphs, and mathematical tables},
  author={Abramowitz, Milton and Stegun, Irene A},
  volume={55},
  year={1964},
  pages={925--995},
  publisher={Courier Corporation}
}

@article{Simon1989,
  title={Optimal two-stage designs for phase II clinical trials},
  author={Simon, Richard},
  journal={Controlled clinical trials},
  volume={10},
  number={1},
  pages={1--10},
  year={1989},
  publisher={Elsevier}
}

@techreport{Uppuluri1967,
  title={PROBABILITY DISTRIBUTION ARISING IN A RIFF-SHUFFLE.},
  author={Uppuluri, VRR and Blot, WJ},
  year={1967},
  institution={Oak Ridge National Lab., Tenn.}
}

@article{Zhang2000,
  title={The maximum negative binomial distribution},
  author={Zhang, Zhongxin and Burtness, Barbara A and Zelterman, Daniel},
  journal={Journal of Statistical Planning and Inference},
  volume={87},
  number={1},
  pages={1--19},
  year={2000},
  publisher={Elsevier}
}

@book{Zelterman2005,
  title={Discrete distributions: applications in the health sciences},
  author={Zelterman, Daniel},
  year={2005},
  publisher={John Wiley \& Sons}
}

@article{Neyman1933,
  title={On the problems of the most efficient tests of statistical hypotheses.},
  author={Neyman, J and Pearson, ES},
  journal={Philosophical Transactions of the Royal Society of London},
  year={1933}
}
